<?xml version="1.0" encoding="UTF-8"?><collection xmlns="http://www.loc.gov/MARC21/slim"><record><leader>00325nam--2200145-i-4500</leader><controlfield tag="001">000049578</controlfield><controlfield tag="002">20161230</controlfield><controlfield tag="005">20161230201047</controlfield><controlfield tag="008">060222s1000------------r-----000-0-eng-d</controlfield><datafield ind1=" " ind2=" " tag="080"><subfield code="a">539.123</subfield></datafield><datafield ind1=" " ind2=" " tag="100"><subfield code="a">Allen,Dzh</subfield></datafield><datafield ind1=" " ind2=" " tag="245"><subfield code="a">Neitrino</subfield></datafield><datafield ind1=" " ind2=" " tag="260"><subfield code="a">Moskva, Inlitizdat, 1960. 264 S</subfield></datafield><datafield ind1=" " ind2=" " tag="490"><subfield code="a">Problemy Fiziki</subfield></datafield><datafield ind1=" " ind2=" " tag="852"><subfield code="a">7611</subfield></datafield></record></collection>